@ONLINE {AGASD,
    author       = "Andri Már Friðriksson",
    title        = "Alternative Genders and Sexualities in Development",
    howpublished = "online",
    month        = "6",
    year         = "2014",
    url         = "http://dspace.ruc.dk:8080/bitstream/1800/17149/1/Andri%203%20Fridriksson%20-%20Thesis.pdf"
}
@ONLINE {NMOHG,
    author       = "SARAH E. STEINBER",
    title        = "THE ONE - FIELD MODEL :  A NEW MODEL OF HUMAN GENDER FOR CLINICAL  AND RESEARCH PSYCHOLOGY",
    howpublished = "online",
    month        = "3",
    year         = "2013",
    url         = "http://theonefieldmodel.org/wp-content/uploads/2013/06/One-Field-Model-FULL-TEXT.pdf"
}
@ONLINE {MOT,
    author       = "Norman P. Spack, MD, Discussant",
    title        = "Management of Transgenderism",
    howpublished = "online",
    month        = "2",
    year         = "2013",
    url         = "http://peds.stanford.edu/Rotations/adolescent_medicine/documents/lgbtq-youth/TransgenderClinicalDiscussionJAMA2013.pdf"
}
@ONLINE {CDSS,
    author       = "Sara E . Gorman",
    title        = "The Theatricality of Transformation: cross-dressing and gender/sexuality spectraon the Elizabethanstage",
    howpublished = "online",
    month        = "5",
    year         = "2006",
    url         = "http://repository.upenn.edu/cgi/viewcontent.cgi?article=1019\&context=curej"
}
@ONLINE {BROGID,
    author       = "Debra London",
    title        = "The Biological Roots of Gender Identity Disorder",
    howpublished = "online",
    month        = "11",
    year         = "2002",
    url         = "http://www.reocities.com/debxtc.geo/Biolts.PDF"
}
@ONLINE {WMTIF,
    author       = "Aaron H. Devor, PhD",
    title        = "Witnessing and Mirroring: A Fourteen Stage Model of Transsexual Identity Formation",
    howpublished = "online",
    year         = "2004",
    url         = "http://web.uvic.ca/~ahdevor/Witnessing.pdf"
}
@ONLINE {ONGM,
    author       = "Angela Lewis, PhD",
    title        = "On  Being a Gender  Maverick : an  Exploration  of Male Cross Dressing",
    howpublished = "online",
    year         = "2012",
    url         = "http://www.myotherself.com.au/wp-content/uploads/2012/03/Cross-dress-ACA-Jan-2012.pdf"
}
@ONLINE {DTYIP,
    author       = "Reid Vanderburgh,Andrew S. Forshée",
    title        = "Depathologizing Transgender Youth Identity The Identity Project",
    howpublished = "online",
    month        = "11",
    year         = "2003",
    url         = "https://apha.confex.com/apha/responses/131am/395.doc"
}
@ONLINE {UDGIE,
    author       = "Arlene Istar Lev",
    title        = "Transgender Emergence: Understanding Diverse Gender Identities and Expressions",
    howpublished = "online",
    month        = "2",
    year         = "2006",
    url         = "http://c.ymcdn.com/sites/www.naswma.org/resource/resmgr/imported/FCE_transgender.pdf"
}
@ONLINE {TGC,
    title        = "INTRODUCTION HAVING IT ALL: TRANSVESTIA’S GENDER COMMUNITY",
    howpublished = "online",
    year         = "N/A",
    url         = "http://deepblue.lib.umich.edu/bitstream/handle/2027.42/57615/rshill_3.pdf\&embedded=true?sequence=2"
}
@ONLINE {EODGV,
    author       = "CAROLINE WHITE,JOSHUA GOLDBERG",
    title        = "Expanding Our Understanding of Gendered Violence",
    howpublished = "online",
    year         = "2004",
    url         = "http://cws.journals.yorku.ca/index.php/cws/article/viewFile/5968/5157"
}
@ONLINE {WDTMU,
    author       = "Matt Kailey",
    title        = "Ask Matt: Why Do Trans People Make Me Uncomfortable?",
    howpublished = "online",
    month        = "2",
    year         = "2013",
    url         = "http://tranifesto.com/2013/02/25/ask-matt-why-do-trans-people-make-me-uncomfortable/"
}
@ONLINE {TWBS,
    author       = "Anna Nowakowska",
    title        = "Wanda Gertz - the woman who was born a soldier",
    howpublished = "online",
    month        = "4",
    year         = "2012",
    url         = "http://www.femiurlka.pl/muzeum/readarticle.php?article_id=35"
}

@ONLINE {YGFRF,
    author       = "Novoe Vremya",
    title        = "Young Girls Fighting on the Russian Front",
    howpublished = "online",
    month        = "5",
    year         = "1916",
    url         = "https://archive.org/stream/currenthistoryfo04newyuoft#page/366/mode/2up"
}

@ONLINE {BIWG,
    author = "SND Films",
    title  = "But I Was a Girl: The Story of Frieda Belinfante",
    year   = "1998",
    url   = "http://www.hulu.com/watch/318157"
}
